
@misc{biovia2020,
                title = {Discovery studio visualizer, Release 2020, San Diego: Dassault Syst{\`e}mes, 2019},
                author = {BIOVIA, Dassault Syst{\`e}mes},
                url = {http://accelrys.com/products/collaborative-science/biovia-discovery-studio/visualization-download.php},
                year = {2020},
                urldate = {07/07/2021},
}


@article{Baell2010,
                author = {Baell, Jonathan B. and Holloway, Georgina A.},
                title = {New Substructure Filters for Removal of Pan Assay Interference Compounds (PAINS) from Screening Libraries and for Their Exclusion in Bioassays},
                journal = {Journal of Medicinal Chemistry},
                volume = {53},
                number = {7},
                pages = {2719-2740},
                year = {2010},
                doi = {10.1021/jm901137j},
                note ={PMID: 20131845},
                eprint = { https://doi.org/10.1021/jm901137j }
}

@article{Walters1998,
                title = {Virtual screening—an overview},
                journal = {Drug Discovery Today},
                volume = {3},
                number = {4},
                pages = {160-178},
                year = {1998},
                issn = {1359-6446},
                doi = {10.1016/S1359-6446(97)01163-X},
                author = {W.Patrick Walters and Matthew T Stahl and Mark A Murcko},
                keywords = {combinatorial chemistry, docking, prediction of ligand binding free energy, high-throughput screening, molecular diversity},
}

@article{BemisMurcko,
                author = {Bemis, Guy W. and Murcko, Mark A.},
                title = {The Properties of Known Drugs. 1. Molecular Frameworks},
                journal = {Journal of Medicinal Chemistry},
                volume = {39},
                number = {15},
                pages = {2887-2893},
                year = {1996},
                doi = {10.1021/jm9602928},
                note ={PMID: 8709122},
                URL = { https://doi.org/10.1021/jm9602928 },
                eprint = { https://doi.org/10.1021/jm9602928 }
}

@article{ZINC15,
                author = {Sterling, Teague and Irwin, John J.},
                title = {ZINC 15 – Ligand Discovery for Everyone},
                journal = {Journal of Chemical Information and Modeling},
                volume = {55},
                number = {11},
                pages = {2324-2337},
                year = {2015},
                doi = {10.1021/acs.jcim.5b00559},
                note ={PMID: 26479676}
}


@article{RedGraph2003,
                author = {Gillet, Valerie J. and Willett, Peter and Bradshaw, John},
                title = {Similarity Searching Using Reduced Graphs},
                journal = {Journal of Chemical Information and Computer Sciences},
                volume = {43},
                number = {2},
                pages = {338-345},
                year = {2003},
                doi = {10.1021/ci025592e},
                note ={PMID: 12653495},
}

@article{RedGraph2004,
                author = {Harper, G. and Bravi, G. S. and Pickett, S. D. and Hussain, J. and Green, D. V. S.},
                title = {The Reduced Graph Descriptor in Virtual Screening and Data-Driven Clustering of High-Throughput Screening Data},
                journal = {Journal of Chemical Information and Computer Sciences},
                volume = {44},
                number = {6},
                pages = {2145-2156},
                year = {2004},
                doi = {10.1021/ci049860f},
                note ={PMID: 15554685},
}



@article{bender2004molecular,
  title={Molecular similarity: a key technique in molecular informatics},
  author={Bender, Andreas and Glen, Robert C},
  journal={Organic \& biomolecular chemistry},
  volume={2},
  number={22},
  pages={3204--3218},
  year={2004},
  publisher={Royal Society of Chemistry}
}

@article{maggiora2014molecular,
  title={Molecular similarity in medicinal chemistry: miniperspective},
  author={Maggiora, Gerald and Vogt, Martin and Stumpfe, Dagmar and Bajorath, Jurgen},
  journal={Journal of medicinal chemistry},
  volume={57},
  number={8},
  pages={3186--3204},
  year={2014},
  publisher={ACS Publications}
}

@article{bender2009similar,
  title={How similar are similarity searching methods? A principal component analysis of molecular descriptor space},
  author={Bender, Andreas and Jenkins, Jeremy L and Scheiber, Josef and Sukuru, Sai Chetan K and Glick, Meir and Davies, John W},
  journal={Journal of chemical information and modeling},
  volume={49},
  number={1},
  pages={108--119},
  year={2009},
  publisher={ACS Publications}
}

@article{cereto2015molecular,
  title={Molecular fingerprint similarity search in virtual screening},
  author={Cereto-Massagu{\'e}, Adri{\`a} and Ojeda, Mar{\'\i}a Jos{\'e} and Valls, Cristina and Mulero, Miquel and Garcia-Vallv{\'e}, Santiago and Pujadas, Gerard},
  journal={Methods},
  volume={71},
  pages={58--63},
  year={2015},
  publisher={Elsevier}
}

@article{bajusz2015tanimoto,
  title={Why is Tanimoto index an appropriate choice for fingerprint-based similarity calculations?},
  author={Bajusz, D{\'a}vid and R{\'a}cz, Anita and H{\'e}berger, K{\'a}roly},
  journal={Journal of cheminformatics},
  volume={7},
  number={1},
  pages={1--13},
  year={2015},
  publisher={BioMed Central}
}

@article{medina2013molecular,
  title={Molecular similarity analysis},
  author={Medina-Franco, Jos{\'e} L and Maggiora, Gerald M},
  journal={Chemoinformatics for drug discovery},
  pages={343--399},
  year={2013},
  publisher={Wiley Online Library}
}

@article{kubinyi1998similarity,
  title={Similarity and dissimilarity: a medicinal chemist's view},
  author={Kubinyi, Hugo},
  journal={Perspectives in Drug Discovery and Design},
  volume={9},
  pages={225--252},
  year={1998},
  publisher={Springer}
}

@article{patani1996bioisosterism,
  title={Bioisosterism: a rational approach in drug design},
  author={Patani, George A and LaVoie, Edmond J},
  journal={Chemical reviews},
  volume={96},
  number={8},
  pages={3147--3176},
  year={1996},
  publisher={ACS Publications}
}

@article{lima2005bioisosterism,
  title={Bioisosterism: a useful strategy for molecular modification and drug design},
  author={Lima, Lidia M and Barreiro, Eliezer J},
  journal={Current medicinal chemistry},
  volume={12},
  number={1},
  pages={23--49},
  year={2005},
  publisher={Bentham Science Publishers}
}

@book{johnson1990concepts,
  title={Concepts and applications of molecular similarity},
  author={Johnson, Mark A and Maggiora, Gerald M},
  year={1990},
  publisher={Wiley}
}

@article{patterson1996neighborhood,
  title={Neighborhood behavior: a useful concept for validation of “molecular diversity” descriptors},
  author={Patterson, David E and Cramer, Richard D and Ferguson, Allan M and Clark, Robert D and Weinberger, Laurence E},
  journal={Journal of medicinal chemistry},
  volume={39},
  number={16},
  pages={3049--3059},
  year={1996},
  publisher={ACS Publications}
}

@article{martin2002structurally,
  title={Do structurally similar molecules have similar biological activity?},
  author={Martin, Yvonne C and Kofron, James L and Traphagen, Linda M},
  journal={Journal of medicinal chemistry},
  volume={45},
  number={19},
  pages={4350--4358},
  year={2002},
  publisher={ACS Publications}
}

@article{raymond2002effectiveness,
  title={Effectiveness of graph-based and fingerprint-based similarity measures for virtual screening of 2D chemical structure databases},
  author={Raymond, John W and Willett, Peter},
  journal={Journal of computer-aided molecular design},
  volume={16},
  number={1},
  pages={59--71},
  year={2002},
  publisher={Springer}
}

@article{flower1998properties,
  title={On the properties of bit string-based measures of chemical similarity},
  author={Flower, Darren R},
  journal={Journal of chemical information and computer sciences},
  volume={38},
  number={3},
  pages={379--386},
  year={1998},
  publisher={ACS Publications}
}

@article{dixon1999hidden,
  title={The hidden component of size in two-dimensional fragment descriptors: side effects on sampling in bioactive libraries},
  author={Dixon, Steven L and Koehler, Ryan T},
  journal={Journal of medicinal chemistry},
  volume={42},
  number={15},
  pages={2887--2900},
  year={1999},
  publisher={ACS Publications}
}

@article{garcia2019ligand,
  title={Ligand-based virtual screening using graph edit distance as molecular similarity measure},
  author={Garcia-Hernandez, Carlos and Fern{\'a}ndez, Alberto and Serratosa, Francesc},
  journal={Journal of chemical information and modeling},
  volume={59},
  number={4},
  pages={1410--1421},
  year={2019},
  publisher={ACS Publications}
}

@article{irwin2008community,
  title={Community benchmarks for virtual screening},
  author={Irwin, John J},
  journal={Journal of computer-aided molecular design},
  volume={22},
  number={3},
  pages={193--199},
  year={2008},
  publisher={Springer}
}

@article{rohrer2009maximum,
  title={Maximum unbiased validation (MUV) data sets for virtual screening based on PubChem bioactivity data},
  author={Rohrer, Sebastian G and Baumann, Knut},
  journal={Journal of chemical information and modeling},
  volume={49},
  number={2},
  pages={169--184},
  year={2009},
  publisher={ACS Publications}
}

@article{gaulton2012chembl,
  title={ChEMBL: a large-scale bioactivity database for drug discovery},
  author={Gaulton, Anna and Bellis, Louisa J and Bento, A Patricia and Chambers, Jon and Davies, Mark and Hersey, Anne and Light, Yvonne and McGlinchey, Shaun and Michalovich, David and Al-Lazikani, Bissan and others},
  journal={Nucleic acids research},
  volume={40},
  number={D1},
  pages={D1100--D1107},
  year={2012},
  publisher={Oxford University Press}
}

@article{riniker2013open,
  title={Open-source platform to benchmark fingerprints for ligand-based virtual screening},
  author={Riniker, Sereina and Landrum, Gregory A},
  journal={Journal of cheminformatics},
  volume={5},
  number={1},
  pages={1--17},
  year={2013},
  publisher={BioMed Central}
}

@incollection{rhodes2007mining,
  title={Mining patents using molecular similarity search},
  author={Rhodes, James and Boyer, Stephen and Kreulen, Jeffrey and Chen, Ying and Ordonez, Patricia},
  booktitle={Biocomputing 2007},
  pages={304--315},
  year={2007},
  publisher={World Scientific}
}

@article{boehm2008similarity,
  title={Similarity searching and scaffold hopping in synthetically accessible combinatorial chemistry spaces},
  author={Boehm, Markus and Wu, Tong-Ying and Claussen, Holger and Lemmen, Christian},
  journal={Journal of medicinal chemistry},
  volume={51},
  number={8},
  pages={2468--2480},
  year={2008},
  publisher={ACS Publications}
}

@article{bohm2004scaffold,
  title={Scaffold hopping},
  author={B{\"o}hm, Hans-Joachim and Flohr, Alexander and Stahl, Martin},
  journal={Drug discovery today: Technologies},
  volume={1},
  number={3},
  pages={217--224},
  year={2004},
  publisher={Elsevier}
}

@article{willett1998chemical,
  title={Chemical similarity searching},
  author={Willett, Peter and Barnard, John M and Downs, Geoffrey M},
  journal={Journal of chemical information and computer sciences},
  volume={38},
  number={6},
  pages={983--996},
  year={1998},
  publisher={ACS Publications}
}

@article{mendez2020novo,
  title={De novo generation of hit-like molecules from gene expression signatures using artificial intelligence},
  author={M{\'e}ndez-Lucio, Oscar and Baillif, Benoit and Clevert, Djork-Arn{\'e} and Rouqui{\'e}, David and Wichard, Joerg},
  journal={Nature communications},
  volume={11},
  number={1},
  pages={1--10},
  year={2020},
  publisher={Nature Publishing Group}
}

@article{kriege2020survey,
  title={A survey on graph kernels},
  author={Kriege, Nils M and Johansson, Fredrik D and Morris, Christopher},
  journal={Applied Network Science},
  volume={5},
  number={1},
  pages={1--42},
  year={2020},
  publisher={SpringerOpen}
}

@article{bunke1998graph,
  title={A graph distance metric based on the maximal common subgraph},
  author={Bunke, Horst and Shearer, Kim},
  journal={Pattern recognition letters},
  volume={19},
  number={3-4},
  pages={255--259},
  year={1998},
  publisher={Elsevier}
}

@article{bunke1983inexact,
  title={Inexact graph matching for structural pattern recognition},
  author={Bunke, Horst and Allermann, Gudrun},
  journal={Pattern Recognition Letters},
  volume={1},
  number={4},
  pages={245--253},
  year={1983},
  publisher={Elsevier}
}

@inproceedings{dijkman2009graph,
  title={Graph matching algorithms for business process model similarity search},
  author={Dijkman, Remco and Dumas, Marlon and Garc{\'\i}a-Ba{\~n}uelos, Luciano},
  booktitle={International conference on business process management},
  pages={48--63},
  year={2009},
  organization={Springer}
}

@article{berretti2001efficient,
  title={Efficient matching and indexing of graph models in content-based retrieval},
  author={Berretti, Stefano and Del Bimbo, Alberto and Vicario, Enrico},
  journal={IEEE Transactions on Pattern Analysis and Machine Intelligence},
  volume={23},
  number={10},
  pages={1089--1105},
  year={2001},
  publisher={IEEE}
}

@article{ma2021deep,
  title={Deep graph similarity learning: A survey},
  author={Ma, Guixiang and Ahmed, Nesreen K and Willke, Theodore L and Philip, S Yu},
  journal={Data Mining and Knowledge Discovery},
  pages={1--38},
  year={2021},
  publisher={Springer}
}

@inproceedings{jin2018junction,
  title={Junction tree variational autoencoder for molecular graph generation},
  author={Jin, Wengong and Barzilay, Regina and Jaakkola, Tommi},
  booktitle={International conference on machine learning},
  pages={2323--2332},
  year={2018},
  organization={PMLR}
}

@article{brown2009chemoinformatics,
  title={Chemoinformatics—an introduction for computer scientists},
  author={Brown, Nathan},
  journal={ACM Computing Surveys (CSUR)},
  volume={41},
  number={2},
  pages={1--38},
  year={2009},
  publisher={ACM New York, NY, USA}
}

@inproceedings{bai2019simgnn,
  title={Simgnn: A neural network approach to fast graph similarity computation},
  author={Bai, Yunsheng and Ding, Hao and Bian, Song and Chen, Ting and Sun, Yizhou and Wang, Wei},
  booktitle={Proceedings of the Twelfth ACM International Conference on Web Search and Data Mining},
  pages={384--392},
  year={2019}
}

@article{schultz2004learning,
  title={Learning a distance metric from relative comparisons},
  author={Schultz, Matthew and Joachims, Thorsten},
  journal={Advances in neural information processing systems},
  volume={16},
  pages={41--48},
  year={2004},
  publisher={MIT Press Cambridge, MA}
}

@article{wang2019deep,
  title={Deep graph library: A graph-centric, highly-performant package for graph neural networks},
  author={Wang, Minjie and Zheng, Da and Ye, Zihao and Gan, Quan and Li, Mufei and Song, Xiang and Zhou, Jinjing and Ma, Chao and Yu, Lingfan and Gai, Yu and others},
  journal={arXiv preprint arXiv:1909.01315},
  year={2019}
}

@article{li2021dgl,
  title={DGL-LifeSci: An Open-Source Toolkit for Deep Learning on Graphs in Life Science},
  author={Li, Mufei and Zhou, Jinjing and Hu, Jiajing and Fan, Wenxuan and Zhang, Yangkang and Gu, Yaxin and Karypis, George},
  journal={arXiv preprint arXiv:2106.14232},
  year={2021}
}

@article{falcon2019pytorch,
  title={PyTorch Lightning},
  author={Falcon, WA, et al.},
  journal={GitHub. Note: https://github.com/PyTorchLightning/pytorch-lightning},
  volume={3},
  year={2019}
}

@inproceedings{gilmer2017neural,
  title={Neural message passing for quantum chemistry},
  author={Gilmer, Justin and Schoenholz, Samuel S and Riley, Patrick F and Vinyals, Oriol and Dahl, George E},
  booktitle={International conference on machine learning},
  pages={1263--1272},
  year={2017},
  organization={PMLR}
}

@article{maggiora2006outliers,
author = {Maggiora, Gerald M.},
title = {On Outliers and Activity CliffsWhy QSAR Often Disappoints},
journal = {Journal of Chemical Information and Modeling},
volume = {46},
number = {4},
pages = {1535-1535},
year = {2006}
}

@article{stumpfe2012exploring,
  title={Exploring activity cliffs in medicinal chemistry: miniperspective},
  author={Stumpfe, Dagmar and Bajorath, Jürgen},
  journal={Journal of medicinal chemistry},
  volume={55},
  number={7},
  pages={2932--2942},
  year={2012},
  publisher={ACS Publications}
}

@article{stumpfe2014recent,
  title={Recent progress in understanding activity cliffs and their utility in medicinal chemistry: miniperspective},
  author={Stumpfe, Dagmar and Hu, Ye and Dimova, Dilyana and Bajorath, Jürgen},
  journal={Journal of medicinal chemistry},
  volume={57},
  number={1},
  pages={18--28},
  year={2014},
  publisher={ACS Publications}
}

@article{coley2017computer,
  title={Computer-assisted retrosynthesis based on molecular similarity},
  author={Coley, Connor W and Rogers, Luke and Green, William H and Jensen, Klavs F},
  journal={ACS central science},
  volume={3},
  number={12},
  pages={1237--1245},
  year={2017},
  publisher={ACS Publications}
}

@article{rogers2010extended,
  title={Extended-connectivity fingerprints},
  author={Rogers, David and Hahn, Mathew},
  journal={Journal of chemical information and modeling},
  volume={50},
  number={5},
  pages={742--754},
  year={2010},
  publisher={ACS Publications}
}


@inproceedings{tan2018survey,
  title={A survey on deep transfer learning},
  author={Tan, Chuanqi and Sun, Fuchun and Kong, Tao and Zhang, Wenchang and Yang, Chao and Liu, Chunfang},
  booktitle={International conference on artificial neural networks},
  pages={270--279},
  year={2018},
  organization={Springer}
}

@article{weiss2016survey,
  title={A survey of transfer learning},
  author={Weiss, Karl and Khoshgoftaar, Taghi M and Wang, DingDing},
  journal={Journal of Big data},
  volume={3},
  number={1},
  pages={1--40},
  year={2016},
  publisher={SpringerOpen}
}

@article{siramshetty2018catch,
  title={The Catch-22 of predicting hERG blockade using publicly accessible bioactivity data},
  author={Siramshetty, Vishal B and Chen, Qiaofeng and Devarakonda, Prashanth and Preissner, Robert},
  journal={Journal of chemical information and modeling},
  volume={58},
  number={6},
  pages={1224--1233},
  year={2018},
  publisher={ACS Publications}
}

@article{scikit-learn,
 title={Scikit-learn: Machine Learning in {P}ython},
 author={Pedregosa, F. and Varoquaux, G. and Gramfort, A. and Michel, V.
         and Thirion, B. and Grisel, O. and Blondel, M. and Prettenhofer, P.
         and Weiss, R. and Dubourg, V. and Vanderplas, J. and Passos, A. and
         Cournapeau, D. and Brucher, M. and Perrot, M. and Duchesnay, E.},
 journal={Journal of Machine Learning Research},
 volume={12},
 pages={2825--2830},
 year={2011}
}

@misc{LandrumRDKit,
  author = {Landrum, Greg},
  year = {2021},
  title = {RDKit: Open-Source Cheminformatics Software},
  url = {https://github.com/rdkit},
  urldate = {Accessed June 2021}
}

@article{griffen2011matched,
  title={Matched molecular pairs as a medicinal chemistry tool: miniperspective},
  author={Griffen, Ed and Leach, Andrew G and Robb, Graeme R and Warner, Daniel J},
  journal={Journal of medicinal chemistry},
  volume={54},
  number={22},
  pages={7739--7750},
  year={2011},
  publisher={ACS Publications}
}

@article{yang2019analyzing,
  title={Analyzing learned molecular representations for property prediction},
  author={Yang, Kevin and Swanson, Kyle and Jin, Wengong and Coley, Connor and Eiden, Philipp and Gao, Hua and Guzman-Perez, Angel and Hopper, Timothy and Kelley, Brian and Mathea, Miriam and others},
  journal={Journal of chemical information and modeling},
  volume={59},
  number={8},
  pages={3370--3388},
  year={2019},
  publisher={ACS Publications}
}


@incollection{NEURIPS2019_9015,
title = {PyTorch: An Imperative Style, High-Performance Deep Learning Library},
author = {Paszke, Adam and Gross, Sam and Massa, Francisco and Lerer, Adam and Bradbury, James and Chanan, Gregory and Killeen, Trevor and Lin, Zeming and Gimelshein, Natalia and Antiga, Luca and Desmaison, Alban and Kopf, Andreas and Yang, Edward and DeVito, Zachary and Raison, Martin and Tejani, Alykhan and Chilamkurthy, Sasank and Steiner, Benoit and Fang, Lu and Bai, Junjie and Chintala, Soumith},
booktitle = {Advances in Neural Information Processing Systems 32},
editor = {H. Wallach and H. Larochelle and A. Beygelzimer and F. d'Alch\'{e}-Buc and E. Fox and R. Garnett},
pages = {8024--8035},
year = {2019},
publisher = {Curran Associates, Inc.},
}
